@Article{SHSA17,
  author = 	 {David Silver and Thomas Hubert and Julian Schrittwieser and Ioannis Antonoglou and Matthew Lai and Arthur Guez and Marc Lanctot and Laurent Sifre and Dharshan Kumaran and Thore Graepel and Timothy Lillicrap and Karen Simonyan and Demis Hassabis},
  title = 	 {A General Reinforcement Learning Algorithm That Masters Chess, Shogi, and {Go} Through Self-play},
  journal = 	 {Science},
  year = 	 2018,
  volume = 	 {362},
  number = 	 {6419},
  pages =        {1140--1144}
}

@Article{Mats21,
  author = 	 {Kiminori Matsuzaki},
  title = 	 {Developing Value Networks for Game 2048 with Reinforcement Learning},
  journal = 	 {Journal of Information Processing},
  year = 	 2021,
  volume = 	 29,
  pages = 	 {336--346}
}

@InProceedings{ASOH22,
  author = 	 {Ioannis Antonoglou and Julian Schrittwieser and Sherjil Ozair and Thomas K Hubert and David Silver},
  title = 	 {Planning in Stochastic Environments with a Learned Model},
  booktitle = {International Conference on Learning Representations},
  year = 	 2022
}

@Article{GuCW22,
  author = 	 {Guei, Hung and Chen, Lung-Pin and Wu, I-Chen},
  title = 	 {Optimistic Temporal Difference Learning for 2048},
  journal = 	 {IEEE Transactions on Games},
  year = 	 2022,
  volume = 	 14,
  number = 	 3,
  pages = 	 {478--487}
}

@InProceedings{Mats17,
  author = 	 {K. Matsuzaki},
  title = 	 {Developing 2048 Player with Backward Temporal Coherence Learning and Restart},
  booktitle = {Proceedings of Fifteenth International Conference
on Advances in Computer Games (ACG2017)},
  year = 	 2017,
  pages =        {176--187}
}

@InProceedings{SzJa14,
  author = 	 {M. Szubert and W. Ja\'{s}kowski},
  title = 	 {Temporal Difference Learning of {N}-Tuple Networks for the Game 2048},
  booktitle = {2014 IEEE Conference on Computational Intelligence and Games},
  year = 	 2014,
  pages = 	 {1--8}
}

@Article{YWHC16,
  author = 	 {K.-H. Yeh and I-C. Wu and C.-H. Hsueh and C.-C. Chang and C.-C. Liang and H. Chiang},
  title = 	 {Multi-stage temporal difference learning for 2048-like games},
  journal = 	 {IEEE Transactions on Computational Intelligence and AI in Games},
  year = 	 2016,
  volume =       9,
  number =       4,
  pages =        {369--380}
}

@Misc{2048,
  author = 	 {G. Cirulli},
  title = 	 2048,
  howpublished = {\url{https://play2048.co/}},
  year = 	 2014
}

@InProceedings{KHIM17,
  author = 	 {Azuki Kirii and Yuichi Hara and Harukazu Igarashi and Yuichi Morioka and Kazumasa Yamamoto},
  title = 	 {Stochastic Selective Search Applied to {Shogi} (in {Japanese}},
  booktitle = {Proceedings of the 22nd Game Programming Workshop 2017},
  year = 	 2017,
  pages = 	 {26--33}
}

@InProceedings{IgMY18,
  author = 	 {五十嵐 治一 and 森岡 祐一 and 山本 一将},
  title = 	 {MC Softmax 探索における局面評価関数の学習},
  booktitle = {ゲームプログラミングワークショップ2018論文集},
  year = 	 2018,
  pages = 	 {212--219}
}

@Article{Jask18,
  author = 	 {W. J\'{a}skowski},
  title = 	 {Mastering 2048 with delayed temporal coherence learning, multi-stage weight promotion, redundant encoding and carousel shaping},
  journal = 	 {IEEE Transactions on Computational Intelligence and AI in Games},
  year = 	 2018,
  volume = 	 10,
  number = 	 1,
  pages = 	 {3--14}
}

@Article{Rosi11,
  author =       {Christopher D. Rosin},
  title =        {Multi-armed bandits with episode context},
  journal =      {Annals of Mathematics and Artificial Intelligence},
  year =         2011,
  volume =       61,
  number =       3,
  pages =        {203--230}
}

@Article{Hass10,
  author = 	 {H. van Hasselt},
  title = 	 {Double Q-learning},
  journal = 	 {Advances in Neural Information Processing Systems},
  year = 	 2010,
  volume = 	 23,
  pages = 	 {2613--2621}
}

@InProceedings{WaMa22,
  author = 	 {Shota Watanabe and Kiminori Matsuzaki},
  title = 	 {Enhancement of CNN-based 2048 Player with Monte-Carlo Tree Search},
  booktitle    = {International Conference on Technologies and Applications of Artificial
                  Intelligence, {TAAI} 2022},
  year = 	 2022
}

@InProceedings{WaMa22GPW,
  author = 	 {渡邊 翔太 and 松崎 公紀},
  title = 	 {2048へのMC Softmax探索の適用},
  booktitle = {ゲームプログラミングワークショップ2022論文集},
  year = 	 2022,
  pages = 	 {255--260}
}

@InProceedings{WeMa22,
  author = 	 {Weikai Wang and Kiminori Matsuzaki},
  title = 	 {Improving {DNN}-based 2048 Players with Global Embedding},
  booktitle = {2022 IEEE Conference on Games (CoG2022)},
  year = 	 2022,
  pages = 	 {628--631}
}

@InProceedings{YaKa21,
  author = 	 {山下 修平 and 金子 知適},
  title = 	 {2048 への方策勾配法の適用},
  booktitle = {ゲームプログラミングワークショップ2021論文集},
  year = 	 2021,
  pages = 	 {179--185}
}

@InProceedings{HaGS16,
  author = 	 {Hado van Hasselt and Arthur Guez and David Silver},
  title = 	 {Deep reinforcement learning with double Q-Learning},
  booktitle = {AAAI'16: Proceedings of the Thirtieth AAAI Conference on Artificial Intelligence},
  year = 	 2016,
  pages = 	 {2094--2100}
}

@Article{Ball83,
  author = 	 {Bruce W. Ballard},
  title = 	 {The *-minimax search procedure for trees containing chance nodes},
  journal = 	 {Artificial Intelligence},
  year = 	 1983,
  volume = 	 21,
  number = 	 3,
  pages = 	 {327--350}
}

%%%%%%%%%%%%%%%%%%%%%%%%%%%%%%%%%%%%%%%%%%%%%%%%%%


@InProceedings{TeKM23,
  author = 	 {Shunsuke Terauchi and Takaharu Kubota and Kiminori Matsuzaki},
  title = 	 {Using Strongly Solved {Mini2048} to Analyze Players with {N-tuple} Networks},
  booktitle    = {International Conference on Technologies and Applications of Artificial
                  Intelligence, {TAAI} 2023},
  year = 	 2023
}

@InProceedings{TeMa24,
  author = 	 {Shunsuke Terauchi and Kiminori Matsuzaki},
  title = 	 {Analysis of "N-tuple Network + Expectimax Search" Players Using Strongly-solved Mini2048},
  booktitle = {Proceedings of the 65th Programming Symposium},
  year = 	 2024,
  pages = 	 {83--90},
  note = 	 {In Japanese.}
}

@InProceedings{YaKN22,
  author = 	 {Shuhei Yamashita and Tomoyuki Kaneko and Taichi Nakayashiki},
  title = 	 {Strongly Solving 2048 on 3 × 3 Board and Performance Evaluation of Reinforcement Learning Agents},
  booktitle = {Proceedings of the Game Programming Workshop 2022},
  year = 	 2022,
  pages = 	 {1--8},
  note = 	 {In Japanese.}
}

@article{Tesa95,
  author       = {Gerald Tesauro},
  title        = {Temporal Difference Learning and TD-Gammon},
  journal      = {Commun. {ACM}},
  volume       = {38},
  number       = {3},
  pages        = {58--68},
  year         = {1995},
  url          = {https://doi.org/10.1145/203330.203343},
  doi          = {10.1145/203330.203343},
  timestamp    = {Wed, 14 Nov 2018 10:22:34 +0100},
  biburl       = {https://dblp.org/rec/journals/cacm/Tesauro95.bib},
  bibsource    = {dblp computer science bibliography, https://dblp.org}
}

@article{MKSG13,
  author       = {Volodymyr Mnih and
                  Koray Kavukcuoglu and
                  David Silver and
                  Alex Graves and
                  Ioannis Antonoglou and
                  Daan Wierstra and
                  Martin A. Riedmiller},
  title        = {Playing Atari with Deep Reinforcement Learning},
  journal      = {CoRR},
  volume       = {abs/1312.5602},
  year         = {2013},
  url          = {http://arxiv.org/abs/1312.5602},
  eprinttype    = {arXiv},
  eprint       = {1312.5602},
  timestamp    = {Mon, 13 Aug 2018 16:47:42 +0200},
  biburl       = {https://dblp.org/rec/journals/corr/MnihKSGAWR13.bib},
  bibsource    = {dblp computer science bibliography, https://dblp.org}
}

@InProceedings{YaKa23,
  author = 	 {Shuhei Yamashita and Tomoyuki Kaneko},
  title = 	 {Strongly Solving 2048 on 4 × 3 Board},
  booktitle = {Proceedings of the Game Programming Workshop 2023},
  year = 	 2023,
  pages = 	 {1--5},
  note = 	 {In Japanese.}
}

@inproceedings{KGWW22,
  author       = {Chih{-}Yu Kao and
                  Hung Guei and
                  Ti{-}Rong Wu and
                  I{-}Chen Wu},
  title        = {Gumbel MuZero for the Game of 2048},
  booktitle    = {International Conference on Technologies and Applications of Artificial
                  Intelligence, {TAAI} 2022},
  pages        = {42--47},
  publisher    = {{IEEE}},
  year         = {2022},
  url          = {https://doi.org/10.1109/TAAI57707.2022.00017},
  doi          = {10.1109/TAAI57707.2022.00017},
  timestamp    = {Mon, 05 Feb 2024 20:34:58 +0100},
  biburl       = {https://dblp.org/rec/conf/taai/KaoGWW22.bib},
  bibsource    = {dblp computer science bibliography, https://dblp.org}
}

@Book{SuBa18,
  author = 	 {Richard S. Sutton and Andrew G. Barto},
  title = 	 {Reinforcement Learning: An Introduction},
  publisher = 	 {{MIT} Press},
  year = 	 2018,
  series = 	 {Adaptive Computation and Machine Learning},
  edition = 	 {2nd edition}
}

@Article{KuSM25,
AUTHOR = {Kuramitsu, Hiroto and Suzuki, Kaiyu and Matsuzawa, Tomofumi},
TITLE = {N-Tuple Network Search in Othello Using Genetic Algorithms},
JOURNAL = {Games},
VOLUME = {16},
YEAR = {2025},
NUMBER = {1},
ARTICLE-NUMBER = {5},
URL = {https://www.mdpi.com/2073-4336/16/1/5},
ISSN = {2073-4336},
DOI = {10.3390/g16010005}
}

@InProceedings{HsHs25,
  author = 	 {Hsueh, Wei-Lin and Hsu, Tsan-Sheng},
  title = 	 {An Approximate Solution of ``instein W\"urfelt Nicht!''},
  booktitle = {2025 IEEE Conference on Games (CoG)},
  year = 	 2025,
  pages = 	 {1--7}
}

@Misc{Zhou19,
  author = 	 {Yulin Zhou},
  title = 	 {From {AlphaGo} Zero to 2048},
  howpublished = {Workshop on Deep Reinforcement Learning for Knowledge Discovery (DRL4KDD '19), Available on \url{http://www.cse.msu.edu/~zhaoxi35/DRL4KDD/2.pdf}},
  year = 	 2019
}

@InProceedings{ThKK12,
  author = 	 {Thill, Markus and Koch, Patrick and Konen, Wolfgang},
  title = 	 {Reinforcement learning with {N}-tuples on the game {Connect-4}},
  booktitle = {Proceedings of the 12th International Conference on Parallel Problem Solving from Nature --- Volume Part I},
  year = 	 2012,
  pages = 	 {184--194},
  address = 	 {Berlin, Heidelberg},
  publisher = {Springer-Verlag}
}

@InProceedings{Buro98,
  author = 	 {Michael Buro},
  title = 	 {From Simple Features to Sophisticated Evaluation Functions},
  booktitle = {Computers and Games, First International Conference, CG'98, Tsukuba, Japan, November 11--12, 1998, Proceedings},
  year = 	 1998,
  editor = 	 {H. Jaap van den Herik and Hiroyuki Iida},
  volume = 	 1558,
  series = 	 {Lecture Notes in Computer Science},
  pages = 	 {126--145},
  publisher = {Springer}
}

@InProceedings{CHHH24,
  author = 	 {Chen, Jr-Chang and Hsu, Tzu-Yang and Hsu, Chia-Ming and Hsu, Tsan-sheng},
  title = 	 {Applying Larger {N}-Tuple Networks to {EinStein} {W\"{u}rfelt} {Nicht!}},
  booktitle = {Proceedings of the 2023 6th International Conference on Computational Intelligence and Intelligent Systems (CIIS '23)},
  year = 	 2024,
  pages = 	 {165--172},
  address = 	 {New York, NY, USA},
  publisher = {Association for Computing Machinery}
}

@InProceedings{HuQP18,
  author = 	 {Huy, Nguyen Quoc and Quoc, Dang Cong and Phong, Tran Quoc},
  title = 	 {Selecting Pattern Shapes to Build Up An Evaluation Function for {Connect-6} Game},
  booktitle = {Proceedings of the 4th International Conference on Virtual Reality},
  year = 	 2018,
  pages = 	 {50--55},
  address = 	 {New York, NY, USA},
  publisher = {Association for Computing Machinery}
}

@article{Jask14,
  author       = {Wojciech Ja{\'s}kowski},
  title        = {Systematic {N}-Tuple Networks for Othello Position Evaluation},
  journal      = {Journal of the International Computer Games Association},
  volume       = {37},
  number       = {2},
  pages        = {85--96},
  year         = {2014},
}

@InProceedings{NgIL12,
  author = 	 {Nguyen, Huy and Ikeda, Kokolo and Le, Bac},
  title = 	 {Extracting Important Patterns for Building State-Action Evaluation Function in {Othello}},
  booktitle = {2012 Conference on Technologies and Applications of Artificial Intelligence (TAAI 2012)},
  year = 	 2012,
  pages = 	 {278--283}
}


@Article{WaMa25,
  author = 	 {Wang, Weikai and Matsuzaki, Kiminori},
  title = 	 {Refining Evaluation Functions for Game 2048 by Extended Temporal Difference Learning},
  journal = 	 {IEEE Transactions on Games},
  year = 	 2025,
  pages = 	 {1--11},
  note = 	 {Available as an early access article.}
}

@Article{TeMa25,
  author = 	 {Shunsuke Terauchi and Kiminori Matsuzaki},
  title = 	 {Relationship between the size of {N}-tuple Network and learning performance: Experiments and evaluation using Mini2048 (in Japanese)},
  journal = 	 {IPSJ SIG Technical Reports},
  year = 	 2025,
  volume = 	 {2025-GI-55},
  pages = 	 {1--9}
}

@InProceedings{OkMa16,
  author       = {Kazuto Oka and Kiminori Matsuzaki},
  editor       = {Aske Plaat and Walter A. Kosters and H. Jaap van den Herik},
  title        = {Systematic Selection of N-Tuple Networks for 2048},
  booktitle    = {Computers and Games - 9th International Conference, {CG} 2016, Leiden, The Netherlands, June 29 - July 1, 2016, Revised Selected Papers},
  series       = {Lecture Notes in Computer Science},
  volume       = {10068},
  pages        = {81--92},
  publisher    = {Springer},
  year         = {2016},
}

@InProceedings{Mats16,
  author={Matsuzaki, Kiminori},
  booktitle={2016 Conference on Technologies and Applications of Artificial Intelligence (TAAI)}, 
  title={Systematic selection of N-tuple networks with consideration of interinfluence for game 2048}, 
  year={2016},
  volume={},
  number={},
  pages={186-193}
}

